
@misc{TFGs_Asignados,
author = {},
title = {2023-03-24 TFG asignados segundo plazo},
howpublished = {\url{https://grados.ugr.es/informatica/pages/infoacademica/tfg/curso2223/20230324tfgasignadossegundoplazo/!}},
month = {03},
year = {2023},
note = {(página 23)},
}

@misc{ACSA_Quienes_Son,
title = {Agencia de Calidad Sanitaria de Andalucía},
howpublished = {\url{https://www.sspa.juntadeandalucia.es/agenciadecalidadsanitaria/quienes-somos/}},
note = {(Descripción de la organización de calidad sanitaria en Andalucía.)}
}

@misc{EntidadesCertificadorasGranada,
title = {Entidades certificadas y en proceso de renovación ⋆ Agencia de Calidad Sanitaria de Andalucía},
howpublished = {\url{https://www.sspa.juntadeandalucia.es/agenciadecalidadsanitaria/resultados-en-calidad/entidades-certificadas/?nombre=&provincia=18&ambito=0&idNivel=0&sector=}},
note = {(Certificación de las entidades hospitalarias de Granada por parte de ACSA)}
}

@misc {ElHospit73,
    author = {},
    title = {El Hospital Virgen de las Nieves recibe la certificación de calidad para sus unidades de Neumología y Aparato digestivo},
    howpublished = {\url{https://www.sspa.juntadeandalucia.es/agenciadecalidadsanitaria/blog/el-hospital-virgen-de-las-nieves-recibe-la-certificacion-de-calidad-para-sus-unidades-de-neumologia-y-aparato-digestivo/}},
    month = {03},
    year = {2023},
}

@misc{ACSA_Normativa_habitaciones_hospitales,
author = {Agencia de Calidad Sanitaria de Andalucía},
title = {Manual de Estándares de Centros Hospitalarios},
howpublished = {\url{https://www.sspa.juntadeandalucia.es/agenciadecalidadsanitaria/archivo/Manual-UGC.pdf}},
note = {(Página 62)}
}

@misc{Habitaciones_hospital_medidas,
title = {Habitaciones hospitalarias, características generales},
howpublished = {\url{https://www.mheducation.es/bcv/guide/capitulo/8448177002.pdf}},
note = {(Página 3. Sección: “Características de la unidad del paciente tipo”)}
}

@misc{Inmobiliario_habitaciones_hospital,
author = {Agencia de Calidad Sanitaria de Andalucía},
title = {Manual de Estándares de Centros Hospitalarios},
howpublished = {\url{https://www.sspa.juntadeandalucia.es/agenciadecalidadsanitaria/archivo/manual-de-estandares-de-hospitales.pdf}},
note = {(Página 35, Estándar ES 02 01.15\_00)}
}

@misc{Inmobiliario_habitaciones_hospital_elementos,
title = {Otro tipo de mobiliario},
howpublished = {\url{https://www.mheducation.es/bcv/guide/capitulo/8448177002.pdf}},
note = {(Página 9.)}
}

@misc{Calidad_Temperatura,
title = {Habitaciones hospitalarias, características generales.pdf},
howpublished = {\url{https://www.mheducation.es/bcv/guide/capitulo/8448177002.pdf}},
note = {(Página 5. Sección: “Temperatura”)}
}

@misc{Calidad_Humedad,
title = {Habitaciones hospitalarias, características generales.pdf},
howpublished = {\url{https://www.mheducation.es/bcv/guide/capitulo/8448177002.pdf}},
note = {(Página 5. Sección: “Humedad”)}
}

@misc{Calidad_aire,
title = {Habitaciones hospitalarias, características generales.pdf},
howpublished = {\url{https://www.mheducation.es/bcv/guide/capitulo/8448177002.pdf}},
note = {(Página 5. Sección: “Ventilación y pureza del aire”)}
}


@misc{CO2_niveles,
title = {El dióxido de carbono en la evaluación de la calidad del aire interior.},
howpublished = {\url{https://www.insst.es/documents/94886/327064/ntp_549.pdf/e9364a82-6f1b-4590-90e0-1d08b22e1074}},
note = {(Niveles recomendados para la calidad del $CO2$ en espacios cerrados. Página 1)}
}

@misc{VOC_Niveles,
author = {clubroboticagranada},
title = {Niveles VOC},
howpublished = {\url{https://clubroboticagranada.github.io/semaforo-optico-acustico-CO2/sobre-co2/co2/}},
note = {(Escala de riesgo del nivel de VOC en el aire)}
}

@misc{Definicion_Particulas2.5,
title = {¿Qué son las partículas PM 2.5?},
howpublished = {\url{https://www.solerpalau.com/es-es/blog/particulas-pm25/}},
note = {(Definición de las partículas $PM2.5$)}
}

@misc{Calidad_nivel_PM25,
author = {},
title = {PM2.5 particles in the air, Environment Protection Authority Victoria},
howpublished = {\url{https://www.epa.vic.gov.au/for-community/environmental-information/air-quality/pm25-particles-in-the-air}},
note = {(Niveles recomendados para la calidad del aire de partículas $PM2.5$)}
}


@INPROCEEDINGS{9657663,
  author={Andrei, Fetcu David and Seritan, George and Enache, Bogdan and Argatu, Florin Ciprian and Adochiei, Felix - Constantin},
  booktitle={2021 International Conference on e-Health and Bioengineering (EHB)}, 
  title={Air Quality Monitoring and Control System for a Hospital Room}, 
  year={2021},
  volume={},
  number={},
  pages={1-4},
  doi={10.1109/EHB52898.2021.9657663}}

@article{PALMISANI2021108237,
title = {Indoor air quality evaluation in oncology units at two European hospitals: Low-cost sensors for TVOCs, PM2.5 and CO2 real-time monitoring},
journal = {Building and Environment},
volume = {205},
pages = {108237},
year = {2021},
issn = {0360-1323},
doi = {https://doi.org/10.1016/j.buildenv.2021.108237},
url = {https://www.sciencedirect.com/science/article/pii/S0360132321006387},
author = {Jolanda Palmisani and Alessia {Di Gilio} and Mar Viana and Gianluigi {de Gennaro} and Andrea Ferro},
keywords = {Indoor air quality, Oncology units, Low-cost sensors, TVOCs, CO, Particulate matter},
abstract = {IAQ assessment is a priority in oncology units where high air quality standards must be guaranteed to protect vulnerable patients. To fill the existing knowledge gap on IAQ in oncology units, extensive monitoring campaigns were performed inside two European oncology units (Bari in Italy, 24th February 2018–31st July 2019; Barcelona in Spain, 18th July-26th November 2018) for high temporal resolution monitoring of total volatile organic compounds (TVOCs), fine particulate matter (PM2.5), CO2 and other environmental parameters. Selected low-cost sensors (Corvus IAQ monitor, Speck, ZyAura CO2 monitor) were deployed. Laboratory and field inter-comparison of PM sensors with scientific-grade reference instruments was performed. TVOCs, PM2.5 and CO2 temporal profiles clearly show a regular weekday pattern with concentration peaks in daytime hours associated with higher human occupancy in the wards for scheduled chemotherapy treatments. Human occupancy (human emission and walking-induced particle resuspension), the administration of pharmaceutical products and the use of disinfectants and cleaning products predominantly affected TVOCs and PM2.5 concentrations in oncology wards. Although PM sensors showed low to moderate correlation with reference instruments (R2 = 0.34–0.66), this study provides additional evidence on their potential for inexpensive, real-time monitoring and detection of pollution events. Mitigation measures could be applied to improve IAQ in the investigated locations including more efficient scheduling, improved waiting room design and better ventilation strategies.}
}

@article{soehospital,
  title={HOSPITAL ROOM AIR QUALITY MONITORING AND RECORD SYSTEM USING ARDUINO},
  author={Soe, Akari Myint and Than, Shwe Sin Myat and Myint, May Thu}
}

@INPROCEEDINGS{8619934,
  author={Lasomsri, Phattaratorn and Yanbuaban, Phattharaporn and Kerdpoca, Orawipa and Ouypornkochagorn, Taweechai},
  booktitle={2018 15th International Conference on Electrical Engineering/Electronics, Computer, Telecommunications and Information Technology (ECTI-CON)}, 
  title={A Development of Low-Cost Devices for Monitoring Indoor Air Quality in a Large-Scale Hospital}, 
  year={2018},
  volume={},
  number={},
  pages={282-285},
  abstract={Poor Indoor Air Quality (IAQ) is an issue of environmental health problems that cause headaches, fatigue, irritation of the eyes and skin. IAQ in hospital areas is a serious concern since there are many occupants i.e. patients, medical practitioners, and staffs. Furthermore, medical material, medicine, medical gases can cause the quality of air deteriorate. IAQ then requires to regularly check the service areas in order to maintain a good level of air quality. The instrument to measure IAQ is usually expensive. In this study, a low-cost device to measure IAQ was developed, it comprises of two main sensors: BME680 and CCS811. The device was capable of measuring and recording continuously which allows it to monitor air quality including Total Volatile Organic Compounds (TVOC), temperature and humidity. The device was employed to measure three service areas of a large-scale hospital in Nakhonnayok, Thailand: the waiting area, the emergency room, and the outpatient pharmacy. IAQs of these areas obtained from the developed device were all in the very bad level. It is possibly due to the influence of structural renovation, medical material, air conditioning, air ventilation, and the people occupied in the areas.},
  keywords={},
  doi={10.1109/ECTICon.2018.8619934},
  ISSN={},
  month={July},}



@Article{ijerph191912207,
AUTHOR = {Garcés, Hugo O. and Durán, Claudia and Espinosa, Eduardo and Jerez, Alejandro and Palominos, Fredi and Hinojosa, Marcela and Carrasco, Raúl},
TITLE = {Monitoring of Thermal Comfort and Air Quality for Sustainable Energy Management inside Hospitals Based on Online Analytical Processing and the Internet of Things},
JOURNAL = {International Journal of Environmental Research and Public Health},
VOLUME = {19},
YEAR = {2022},
NUMBER = {19},
ARTICLE-NUMBER = {12207},
URL = {https://www.mdpi.com/1660-4601/19/19/12207},
PubMedID = {36231507},
ISSN = {1660-4601},
ABSTRACT = {There is a need to ensure comfortable conditions for hospital staff and patients from the point of view of thermal comfort and air quality so that they do not affect their performance. We consider the need for hospital employees and patients to enjoy conditions of greater well-being during their stay. This is understood as a comfortable thermal sensation and adequate air quality, depending on the task they are performing. The contribution of this article is the formulation of the fundamentals of a system and platform for monitoring thermal comfort and Indoor Air Quality (IAQ) in hospitals, based on an Internet of Things platform composed of a low-cost sensor node network that is capable of measuring critical variables such as humidity, temperature, and Carbon Dioxide (CO2). As part of the platform, a multidimensional data model with an On-Line Analytical Processing (OLAP) approach is presented that offers query flexibility, data volume reduction, as well as a significant reduction in query response times. The experimental results confirm the suitability of the platform&rsquo;s data model, which facilitates operational and strategic decision making in complex hospitals.},
DOI = {10.3390/ijerph191912207}
}
